@incollection {springerlink:10.1007/978-3-642-02830-4_4,
   author = {Wu, Jiahui and Pan, Gang and Zhang, Daqing and Qi, Guande and Li, Shijian},
   affiliation = {Department of Computer Science, Zhejiang University, Hangzhou, 310027 China},
   title = {Gesture Recognition with a 3-D Accelerometer},
   booktitle = {Ubiquitous Intelligence and Computing},
   series = {Lecture Notes in Computer Science},
   editor = {Zhang, Daqing and Portmann, Marius and Tan, Ah-Hwee and Indulska, Jadwiga},
   publisher = {Springer Berlin / Heidelberg},
   isbn = {978-3-642-02829-8},
   keyword = {Computer Science},
   pages = {25-38},
   volume = {5585},
   url = {http://dx.doi.org/10.1007/978-3-642-02830-4_4},
   note = {10.1007/978-3-642-02830-4_4},
   year = {2009}
}

@MISC{Prekopcsák08accelerometerbased,
    author = {Zoltán Prekopcsák},
    title = {Accelerometer Based Real-Time Gesture Recognition},
    year = {2008}
}
